# ausblick. bewertung, kritik

@misc{Frazier2017,
    author = {David T. Frazier and Dan Zhu},
    title = "{Derivative-Based Optimization with a Non-Smooth Simulated Criterion}",
    year = 2017,
    howpublished = "\url{https://arxiv.org/abs/1708.02365}",
    note = "[Online working paper; accessed 12-May-2018]",    
}

@article{Embrechts2009,
    author = {Paul Embrechts},
    title = {Copulas: A Personal View},
    journal = {Journal of Risk and Insurance},
    volume = {76},
    number = {3},
    pages = {639-650},
    year = {2009}
}

@Article{Mikosch2006,
    author="Thomas Mikosch",
    title="Copulas: Tales and facts",
    journal="Extremes",
    year="2006",
    month="Mar",
    day="01",
    volume="9",
    number="1",
    pages="3--20"
}

@inbook{Embrechts2002,
    author = {Paul Embrechts and Alexander Mcneil and Daniel Straumann},
    title = {Correlation and dependence in risk management: Properties and pitfalls},
    booktitle = {RISK Management: Value at Risk and Beyond},
    year = {2002},
    pages = {176--223},
    publisher = {Cambridge University Press}
}

@article{Hansen1994,
 author = {Bruce E. Hansen},
 journal = {International Economic Review},
 number = {3},
 pages = {705--730},
 publisher = {[Economics Department of the University of Pennsylvania, Wiley, Institute of Social and Economic Research, Osaka University]},
 title = {Autoregressive Conditional Density Estimation},
 volume = {35},
 year = {1994}
}

# einleitung

@ARTICLE{Fermanian2017,
    title = {Recent Developments in Copula Models},
    author = {Jean-Davi Fermanian},
    year = {2017},
    journal = {Econometrics},
    volume = {5},
    number = {3},
    pages = {1-3}
}




# social media

@article{Stier2018,
    title = {Systematically Monitoring Social Media: the case of the German federal election 2017},
    author = {Stier, Sebastian and Bleier, Arnim and Bonart, Malte and Mörsheim, Fabian and Bohlouli, Mahdi and Nizhegorodov, Margarita and Posch, Lisa and Maier, Jürgen and Rothmund, Tobias and Staab, Steffen},
    pages = {25},
    volume = {2018/04},
    year = {2018},
    journal = {GESIS Papers},
    publisher = {GESIS – Leibniz-Institute for  the Social Sciences}
}

@article{Wlezien2005,
title = "On the salience of political issues: The problem with ‘most important problem’",
journal = "Electoral Studies",
volume = "24",
number = "4",
pages = "555 - 579",
year = "2005",
author = "Christopher Wlezien"
}



# GLM and SMM book

@book{Hall2005,
    title={Generalized Method of Moments},
    author={Hall, Alastair R.},
    series={Advanced texts in econometrics},
    year={2005},
    publisher={Oxford University Press}
}

@book{Gourieroux1996,
  title={Simulation-based Econometric Methods},
  author={Christian Gouriéroux and Alain Monfort},
  series={CORE lectures},
  year={1996},
  publisher={Oxford University Press}
}

@article{Remillard2017, 
    title={Goodness-of-Fit Tests for Copulas of Multivariate Time Series}, 
    volume={5}, 
    number={1}, 
    journal={Econometrics}, 
    publisher={MDPI AG}, 
    author={Rémillard, Bruno}, 
    year={2017}, 
    month={Mar}, 
    pages={13}
}

# strucutral break Testing

@misc{Wied2017,
    author = {Hans Manner and Florian Stark and Dominik Wied},
    title = {{Testing for Structural Breaks in Factor Copula Models}},
    howpublished = "\url{https://www.wiwi.uni-due.de/fileadmin/fileupload/VWL-WIPO/WiWi-Kolloquium/Manner_Stark_Wied__2017_.pdf}",
    year = {2017}, 
    note = "[Online working paper; accessed 12-May-2018]"
}


# patton articles

@article{Patton2017,
    author = {Dong Hwan Oh and Andrew J. Patton},
    title = {Modeling Dependence in High Dimensions With Factor Copulas},
    journal = {Journal of Business \& Economic Statistics},
    volume = {35},
    number = {1},
    pages = {139-154},
    year  = {2017},
    publisher = {Taylor & Francis}
}

@article{Patton2013,
    author = {Dong   Hwan   Oh  and  Andrew J. Patton},
    title = {Simulated Method of Moments Estimation for Copula-Based Multivariate Models},
    journal = {Journal of the American Statistical Association},
    volume = {108},
    number = {502},
    pages = {689-700},
    year  = {2013},
    publisher = {Taylor & Francis}
}

@article{Patton2012,
    author = {Patton, Andrew J.},
    title = {A Review of Copula Models for Economic Time Series},
    journal = {J. Multivar. Anal.},
    issue_date = {September, 2012},
    volume = {110},
    year = {2012},
    pages = {4--18},
    publisher = {Academic Press, Inc.},
    address = {Orlando, FL, USA}
} 


# general books on copula and introduction

@article{Joe2013,
    title = {Factor copula models for multivariate data},
    author = {Krupskii, Pavel and Joe, Harry},
    year = {2013},
    journal = {Journal of Multivariate Analysis},
    volume = {120},
    number = {C},
    pages = {85-101}
}


@Inbook{Sempi2011,
    author="Sempi, Carlo",
    editor="Lovric, Miodrag",
    title="Copulas",
    booktitle="International Encyclopedia of Statistical Science",
    year="2011",
    publisher="Springer",
    address="Berlin, Heidelberg",
    pages="302--305",
}

@book{Nelsen1999,
  title={An Introduction to Copulas},
  author={Nelsen, Roger B.},
  series={Lecture notes in statistics 139},
  year={1999},
  publisher={Springer},
  address="Berlin, Heidelberg",
}


@book{Joe2015,
  title={Dependence Modeling with Copulas},
  author={Joe, Harry},
  series={Chapman \& Hall/CRC Monographs on Statistics \& Applied Probability 134},
  year={2015},
  publisher={Taylor \& Francis}
}

# Handbook of financical time series

@Inbook{Patton2009,
    author="Patton, Andrew J.",
    editor="Mikosch, Thomas
    and Krei{\ss}, Jens-Peter
    and Davis, Richard A.
    and Andersen, Torben Gustav",
    title="Copula--Based Models for Financial Time Series",
    bookTitle="Handbook of Financial Time Series",
    year="2009",
    publisher="Springer",
    address="Berlin, Heidelberg",
    pages="767--785"
}

@Inbook{Teraesvirta2009,
    author="Ter{\"a}svirta, Timo",
    editor="Mikosch, Thomas
    and Krei{\ss}, Jens-Peter
    and Davis, Richard A.
    and Andersen, Torben Gustav",
    title="An Introduction to Univariate GARCH Models",
    bookTitle="Handbook of Financial Time Series",
    year="2009",
    publisher="Springer Berlin Heidelberg",
    address="Berlin, Heidelberg",
    pages="17--42"
}

# time series and copulas

@article{Manner2012,
    author = {Hans Manner and Olga Reznikova},
    title = {A Survey on Time-Varying Copulas: Specification, Simulations, and Application},
    journal = {Econometric Reviews},
    volume = {31},
    number = {6},
    pages = {654-687},
    year  = {2012},
    publisher = {Taylor & Francis}
}

@article{Chen2006,
    title = "Estimation and model selection of semiparametric copula-based multivariate dynamic models under copula misspecification",
    journal = "Journal of Econometrics",
    volume = "135",
    number = "1",
    pages = "125 - 154",
    year = "2006",
    author = "Xiaohong Chen and Yanqin Fan",
}


# Optimization packages, software and algorithms


@misc{Bonart2018,
    title = {factorcopula - an R package for high dimensional depence modelling with factor copulas},
    author = {Malte Bonart},
    year = {2018},
    howpublished = "\url{https://github.com/bonartm/factorcopula}",
    note = "[Online developement version; accessed 12-May-2018]",
    keywords = {software}
}

@misc{restfb2018,
    title = {RestFB - a pure Java Facebook Graph API client},
    author = {Mark Allen and Norbert Bartels},
    year = {2018},
    howpublished = "\url{http://restfb.com}",
    note = "[Online documentation; accessed 12-May-2018]",
    keywords = {software}
}

@misc{cheops2018,
    title = {{CHEOPS Cologne High Efficient Operating Platform for Science}},
    author = {Viktor Achter and Stefan Borowski and Lech Nieroda and Lars Packschies and Volker Winkelmann},
    year = {2018},
    institution = {University of Cologne, Regional Computing Centre},
    month = {March},
    howpublished = "\url{https://rrzk.uni-koeln.de/sites/rrzk/HPC_Projekte/CHEOPS_Brief_Instructions.pdf}",
    note = "[Online techreport; accessed 12-May-2018]",
    keywords = {software} 
}

@misc{R2017,
    title = {R: A Language and Environment for Statistical Computing},
    author = {{R Core Team}},
    organization = {R Foundation for Statistical Computing},
    address = {Vienna, Austria},
    year = {2017},
    howpublished = "\url{https://www.R-project.org/}",
    note = "[Online documentation; accessed 12-May-2018]",
    keywords = {software}    
}

@article{Kucherenko2005,
    author="Kucherenko, Sergei and Sytsko, Yury",
    title="Application of Deterministic Low-Discrepancy Sequences in Global Optimization",
    journal="Computational Optimization and Applications",
    year="2005",
    month="Mar",
    day="01",
    volume="30",
    number="3",
    pages="297--318",
    keywords = {software}
}

@phdthesis{Rowan1990,
    author = {Rowan, Thomas Harvey},
    title = {Functional Stability Analysis of Numerical Algorithms},
    year = {1990},
    publisher = {University of Texas at Austin},
    address = {Austin, TX, USA},
    keywords = {software}
} 

@misc{nlopt2018,
    title = {The NLopt nonlinear-optimization package},
    author = {Steven G. Johnson},
    year = {2018},
    howpublished = "\url{https://nlopt.readthedocs.io/en/latest/}",
    note = "[Online documentation; accessed 12-May-2018]",
    keywords = {software}
}
  
@misc{nloptr2014,
    title = {{Introduction to nloptr: an R interface to NLopt}},
    author = {Jelmer Ypma},
    year = {2014},
    howpublished  = {\url{https://cran.r-project.org/web/packages/nloptr/vignettes/nloptr.pdf}},
    note = "[Online documentation; accessed 12-May-2018]",
    keywords = {software}
}

# Skalr's Theorem

@article{Sklar1959,
    author = {Abe Sklar},
    title = {Fonctions de répartition à n dimensions et leurs marges},
    journal = {Publications de l’Institut de Statistique de L’Université de Paris},
    volume = {8},
    pages = {229-231},
    year  = {1959},
}









